% -*-bibliografia.bib-*-
% Este fichero es parte de la plantilla LaTeX para
% la realización de Proyectos Final de Carrera, protegido
% bajo los términos de la licencia GFDL.
% Para más información, la licencia completa viene incluida en el
% fichero fdl-1.3.tex

% Copyright (C) 2009 Pablo Recio Quijano 

@Book{mitt04,
  author = 	 {Frank Mittelbach y Michel Goossens},
  title = 	 {The LaTeX Companion},
  publisher = 	 {Addison-Wesley},
  year = 	 {2004}
}

@Book{casc03,
  author = 	 {Bernardo Cascales Salinas},
  title = 	 {El libro de LaTeX},
  publisher = 	 {Pearson Educación},
  year = 	 {2003}
}

@Book{lugo08,
  author =   {Miguel Lugo},
  title =    {Dominó Competitivo},
  publisher =    {AuthorHouse},
  year =     {2008}
}

@Book{sanz00,
  author =   {González Sanz, J.L.},
  title =    {El arte del dominó: teoría y práctica},
  publisher =    {Paidotribo},
  year =     {2000}
}

@Book{mora90,
  author =   {Ruipérez Moral, B.},
  title =    {Libro del dominó},
  publisher =    {Otero Ediciones},
  year =     {1990}
}


@MISC{website:latex-wikibooks,
      AUTHOR = "Wikibooks",
      title = "{The Book of LaTeX}",
      HOWPUBLISHED = "\url{http://en.wikibooks.org/wiki/LaTeX}"
}

@MISC{website:doxygen,
AUTHOR = "{Dimitri Van Heesch}",
title = "{Pagina oficial de Doxygen}",
HOWPUBLISHED = "\url{http://www.doxygen.org}"
}

@MISC{website:dominoenlinea,
AUTHOR = "{Schwartz David}",
title = "{Dominó en línea}",
HOWPUBLISHED = "\url{http://www.domino-en-linea.com}"
}

@MISC{website:trimino,
AUTHOR = "{BoardGameGeek, LLC.}",
title = "{Trimino en Board Game Geek}",
HOWPUBLISHED = "\url{http://boardgamegeek.com/boardgame/97500/trimino}"
}

@MISC{pdf:make,
AUTHOR = "{Gerardo Aburruzaga García}",
title = "{Make. Un programa para controlar la recompilación}",
HOWPUBLISHED = "\url{http://www.uca.es/softwarelibre/publicaciones/make.pdf}"
}

@book{Giarratano:1989:ESP:583478,
 author = {Giarratano, Joseph C. and Riley, Gary},
 title = {Expert Systems: Principles and Programming},
 year = {1989},
 isbn = {0878353356},
 publisher = {Brooks/Cole Publishing Co.},
 address = {Pacific Grove, CA, USA},
}

@BOOK{art,
  author = {Glenford J. Myers},
  title = {The Art of Software Testing},
  publisher = {John Wiley \& Sons},
  year = {2004},
  edition = 2,
  isbn = {0471469122}
}

@book{beizer_software_1990,
        edition = {2 Sub},
        title = {Software Testing Techniques, 2nd Edition},
        isbn = {1850328803},
        lccn = {0000},
        publisher = {International Thomson Computer Press},
        author = {Boris Beizer},
        month = jun,
        year = {1990}
}

@book{Pilgrim:2004:DP:983200,
 author = {Pilgrim, Mark},
 title = {Dive Into Python},
 year = {2004},
 isbn = {1590593561},
 publisher = {APress},
 url={http://diveintopython.org/},
} 

@MISC {PFCRecio,
   author = {Pablo Recio Quijano},
   title = {Ampliación y reingeniería de un Sistema Experto Basado en Reglas con fines educativos},
   howpublished = {\url{http://dx.doi.org/10498/8484}},
   year = {2010},
   note = {Memoria de Proyecto Fin de Carrera de Ingenier{\'i}a T{\'e}cnica en Inform{\'a}tica de Sistemas},
}

@MISC {PFCChaves,
   author = {Daniel Chaves Vázquez},
   title = {Freerummi: Juego de fichas numeradas},
   howpublished = {\url{http://dx.doi.org/10498/11134}},
   year = {2011},
   note = {Memoria de Proyecto Fin de Carrera de Ingenier{\'i}a T{\'e}cnica en Inform{\'a}tica de Sistemas},
}

@inproceedings{DBLP:conf/robocup/FathzadehMMS05,
  author    = {Ramin Fathzadeh and
               Vahid Mokhtari and
               Morteza Mousakhani and
               Alireza Mohammad Shahri},
  title     = {Coaching with Expert System Towards RoboCup Soccer Coach
               Simulation},
  booktitle = {RoboCup},
  year      = {2005},
  pages     = {488-495},
  ee        = {http://dx.doi.org/10.1007/11780519_45},
  crossref  = {DBLP:conf/robocup/2005},
  bibsource = {DBLP, http://dblp.uni-trier.de}
}
@proceedings{DBLP:conf/robocup/2005,
  editor    = {Ansgar Bredenfeld and
               Adam Jacoff and
               Itsuki Noda and
               Yasutake Takahashi},
  title     = {RoboCup 2005: Robot Soccer World Cup IX},
  booktitle = {RoboCup},
  publisher = {Springer},
  series    = {Lecture Notes in Computer Science},
  volume    = {4020},
  year      = {2006},
  isbn      = {3-540-35437-9},
  bibsource = {DBLP, http://dblp.uni-trier.de}
}

@article{ShuHsienLiao200593,
title = "Expert system methodologies and applications--a decade review from 1995 to 2004",
journal = "Expert Systems with Applications",
volume = "28",
number = "1",
pages = "93 - 103",
year = "2005",
note = "",
issn = "0957-4174",
doi = "DOI: 10.1016/j.eswa.2004.08.003",
url = "http://www.sciencedirect.com/science/article/pii/S0957417404000934",
author = "Shu-Hsien Liao",
keywords = "Expert systems",
keywords = "Expert system methodologies",
keywords = "Expert system applications",
keywords = "Literature survey"
}

@MISC{website:gforge,
AUTHOR = "{GForge Group}",
title = "{Pagina oficial de GForge}",
HOWPUBLISHED = "\url{http://gforge.org}"
}

@MISC{website:dominous,
AUTHOR = "{Ignacio Palomo Duarte}",
title = "{Web oficial de Dominous}",
HOWPUBLISHED = "\url{http://dominous.forja.rediris.es}"
}

